<record><leader>00000cas a22000007a 4500</leader><controlfield tag="001">11581751</controlfield><controlfield tag="008">850115d18661867cauwr ne      0    0eng d</controlfield><controlfield tag="009">3768</controlfield><datafield ind1=" " ind2=" " tag="010"><subfield code="a">sn 85025124 </subfield></datafield><datafield ind1=" " ind2=" " tag="040"><subfield code="a">NPX</subfield><subfield code="b">eng</subfield><subfield code="c">NPX</subfield><subfield code="d">CNK</subfield><subfield code="d">OCLCQ</subfield><subfield code="d">ZAP</subfield><subfield code="d">OCLCQ</subfield><subfield code="d">OCLCO</subfield><subfield code="d">OCLCF</subfield></datafield><datafield ind1="1" ind2=" " tag="029"><subfield code="a">AU@</subfield><subfield code="b">000020346543</subfield></datafield><datafield ind1=" " ind2=" " tag="042"><subfield code="a">msc</subfield></datafield><datafield ind1=" " ind2=" " tag="043"><subfield code="a">n-us-ca</subfield></datafield><datafield ind1="0" ind2="0" tag="245"><subfield code="a">Santa Cruz and Pajaro times.</subfield></datafield><datafield ind1=" " ind2=" " tag="260"><subfield code="a">Santa Cruz [Calif.] :</subfield><subfield code="b">Kearney, McQuillan &amp; Duchow</subfield></datafield><datafield ind1=" " ind2=" " tag="300"><subfield code="a">v.</subfield></datafield><datafield ind1=" " ind2=" " tag="310"><subfield code="a">Weekly</subfield></datafield><datafield ind1="0" ind2=" " tag="362"><subfield code="a">Vol. 4, no. 185 (Nov. 5 [i.e. 3], 1866)-v. 4, no. 200 (Feb. 16, 1867).</subfield></datafield><datafield ind1=" " ind2="0" tag="651"><subfield code="a">Pajaro River Valley (Calif.)</subfield><subfield code="v">Newspapers.</subfield></datafield><datafield ind1=" " ind2="0" tag="651"><subfield code="a">Santa Cruz County (Calif.)</subfield><subfield code="v">Newspapers.</subfield></datafield><datafield ind1=" " ind2="0" tag="651"><subfield code="a">Monterey County (Calif.)</subfield><subfield code="v">Newspapers.</subfield></datafield><datafield ind1=" " ind2="7" tag="655"><subfield code="a">Newspapers.</subfield><subfield code="2">fast</subfield><subfield code="0">(OCoLC)fst01423814</subfield></datafield><datafield ind1=" " ind2="7" tag="651"><subfield code="a">California</subfield><subfield code="z">Monterey County.</subfield><subfield code="2">fast</subfield><subfield code="0">(OCoLC)fst01208098</subfield></datafield><datafield ind1=" " ind2="7" tag="651"><subfield code="a">California</subfield><subfield code="z">Pajaro River Valley.</subfield><subfield code="2">fast</subfield><subfield code="0">(OCoLC)fst01274883</subfield></datafield><datafield ind1=" " ind2="7" tag="651"><subfield code="a">California</subfield><subfield code="z">Santa Cruz County.</subfield><subfield code="2">fast</subfield><subfield code="0">(OCoLC)fst01210722</subfield></datafield><datafield ind1=" " ind2=" " tag="752"><subfield code="a">United States</subfield><subfield code="b">California</subfield><subfield code="c">Santa Cruz</subfield><subfield code="d">Santa Cruz.</subfield></datafield><datafield ind1="0" ind2="0" tag="780"><subfield code="t">Pajaro Valley times</subfield><subfield code="w">(DLC)sn 84035872</subfield></datafield><datafield ind1="0" ind2="0" tag="785"><subfield code="t">Santa Cruz County times</subfield><subfield code="w">(DLC)sn 84026980</subfield></datafield></record>